%% This BibTeX bibliography file was created using BibDesk.
%% http://bibdesk.sourceforge.net/


%% Created for Joshua Bloom at 2011-11-14 18:36:52 -0800 


%% Saved with string encoding Unicode (UTF-8) 



@article{2002PASP..114..803N,
	Adsnote = {Provided by the SAO/NASA Astrophysics Data System},
	Adsurl = {http://adsabs.harvard.edu/abs/2002PASP..114..803N},
	Author = {{Nugent}, P. and {Kim}, A. and {Perlmutter}, S.},
	Doi = {10.1086/341707},
	Eprint = {arXiv:astro-ph/0205351},
	Journal = {\pasp},
	Keywords = {Cosmology: Observations, Stars: Supernovae: General},
	Month = aug,
	Pages = {803-819},
	Title = {{K-Corrections and Extinction Corrections for Type Ia Supernovae}},
	Volume = 114,
	Year = 2002,
	Bdsk-Url-1 = {http://dx.doi.org/10.1086/341707}}

@inproceedings{2011AAS...21725213O,
	Adsnote = {Provided by the SAO/NASA Astrophysics Data System},
	Adsurl = {http://adsabs.harvard.edu/abs/2011AAS...21725213O},
	Author = {{Oluseyi}, H. and {Becker}, A. and {Culliton}, C.~C. and {Furqan}, M. and {Hoadley}, K.~L. and {Regencia}, P. and {Wells}, A.~J. and {Allison}, I.~J. and {Jacoby}, S. and {Ivezic}, Z. and {Jones}, L. and {Krughoff}, S. and {Sesar}, B.},
	Booktitle = {American Astronomical Society Meeting Abstracts \#217},
	Month = jan,
	Pages = {252.13-+},
	Series = {Bulletin of the American Astronomical Society},
	Title = {{Measuring RR Lyrae Stars Throughout the Local Group with LSST}},
	Volume = 43,
	Year = 2011}

@inproceedings{2010AAS...21540118O,
	Adsnote = {Provided by the SAO/NASA Astrophysics Data System},
	Adsurl = {http://adsabs.harvard.edu/abs/2010AAS...21540118O},
	Author = {{Oluseyi}, H. and {Allison}, I.~J. and {Becker}, A. and {Culliton}, C.~S. and {Furqan}, M. and {Hoadley}, K.},
	Booktitle = {American Astronomical Society Meeting Abstracts \#215},
	Month = jan,
	Pages = {401.18-+},
	Series = {Bulletin of the American Astronomical Society},
	Title = {{Investigating LSST's Sensitivity to Periodic Stellar Variability Using RR Lyrae Stars}},
	Volume = 42,
	Year = 2010}

@inproceedings{2009AAS...21346014O,
	Adsnote = {Provided by the SAO/NASA Astrophysics Data System},
	Adsurl = {http://adsabs.harvard.edu/abs/2009AAS...21346014O},
	Author = {{Oluseyi}, H. and {Culliton}, C.~C. and {Furqan}, M. and {Becker}, A.~C.},
	Booktitle = {American Astronomical Society Meeting Abstracts \#213},
	Month = jan,
	Pages = {460.14-+},
	Series = {Bulletin of the American Astronomical Society},
	Title = {{Investigation of LSST Periodic Variable Star Lightcurve Recovery}},
	Volume = 41,
	Year = 2009}

@inproceedings{2010SPIE.7738E..53C,
	Adsnote = {Provided by the SAO/NASA Astrophysics Data System},
	Adsurl = {http://adsabs.harvard.edu/abs/2010SPIE.7738E..53C},
	Author = {{Connolly}, A.~J. and {Peterson}, J. and {Jernigan}, J.~G. and {Abel}, R. and {Bankert}, J. and {Chang}, C. and {Claver}, C.~F. and {Gibson}, R. and {Gilmore}, D.~K. and {Grace}, E. and {Jones}, R.~L. and {Ivezic}, Z. and {Jee}, J. and {Juric}, M. and {Kahn}, S.~M. and {Krabbendam}, V.~L. and {Krughoff}, S. and {Lorenz}, S. and {Pizagno}, J. and {Rasmussen}, A. and {Todd}, N. and {Tyson}, J.~A. and {Young}, M.},
	Booktitle = {Society of Photo-Optical Instrumentation Engineers (SPIE) Conference Series},
	Date-Modified = {2011-11-15 02:30:14 +0000},
	Doi = {10.1117/12.857819},
	Month = jul,
	Title = {{Simulating the LSST system}},
	Volume = 7738,
	Year = 2010,
	Bdsk-Url-1 = {http://dx.doi.org/10.1117/12.857819}}

@article{2000ApJ...542..281A,
	Adsnote = {Provided by the SAO/NASA Astrophysics Data System},
	Adsurl = {http://adsabs.harvard.edu/abs/2000ApJ...542..281A},
	Author = {{Alcock}, C. and {Allsman}, R.~A. and {Alves}, D.~R. and {Axelrod}, T.~S. and {Becker}, A.~C. and {Bennett}, D.~P. and {Cook}, K.~H. and {Dalal}, N. and {Drake}, A.~J. and {Freeman}, K.~C. and {Geha}, M. and {Griest}, K. and {Lehner}, M.~J. and {Marshall}, S.~L. and {Minniti}, D. and {Nelson}, C.~A. and {Peterson}, B.~A. and {Popowski}, P. and {Pratt}, M.~R. and {Quinn}, P.~J. and {Stubbs}, C.~W. and {Sutherland}, W. and {Tomaney}, A.~B. and {Vandehei}, T. and {Welch}, D.},
	Doi = {10.1086/309512},
	Eprint = {arXiv:astro-ph/0001272},
	Journal = {\apj},
	Keywords = {Cosmology: Dark Matter, Galaxy: Halo, Galaxy: Structure, Cosmology: Gravitational Lensing, Stars: Low-Mass, Brown Dwarfs, Stars: White Dwarfs},
	Month = oct,
	Pages = {281-307},
	Title = {{The MACHO Project: Microlensing Results from 5.7 Years of Large Magellanic Cloud Observations}},
	Volume = 542,
	Year = 2000,
	Bdsk-Url-1 = {http://dx.doi.org/10.1086/309512}}

@article{2003A&A...400..951A,
	Adsnote = {Provided by the SAO/NASA Astrophysics Data System},
	Adsurl = {http://adsabs.harvard.edu/abs/2003A%26A...400..951A},
	Author = {{Afonso}, C. and {Albert}, J.~N. and {Andersen}, J. and {Ansari}, R. and {Aubourg}, {\'E}. and {Bareyre}, P. and {Beaulieu}, J.~P. and {Blanc}, G. and {Charlot}, X. and {Couchot}, F. and {Coutures}, C. and {Ferlet}, R. and {Fouqu{\'e}}, P. and {Glicenstein}, J.~F. and {Goldman}, B. and {Gould}, A. and {Graff}, D. and {Gros}, M. and {Haissinski}, J. and {Hamadache}, C. and {de Kat}, J. and {Lasserre}, T. and {Le Guillou}, L. and {Lesquoy}, {\'E}. and {Loup}, C. and {Magneville}, C. and {Marquette}, J.~B. and {Maurice}, {\'E}. and {Maury}, A. and {Milsztajn}, A. and {Moniez}, M. and {Palanque-Delabrouille}, N. and {Perdereau}, O. and {Pr{\'e}vot}, L. and {Rahal}, Y.~R. and {Rich}, J. and {Spiro}, M. and {Tisserand}, P. and {Vidal-Madjar}, A. and {Vigroux}, L. and {Zylberajch}, S.},
	Doi = {10.1051/0004-6361:20030087},
	Journal = {\aap},
	Keywords = {Galaxy: halo, Galaxy: kinematics and dynamics, Galaxy: stellar content, cosmology: dark matter, gravitational lensing},
	Month = mar,
	Pages = {951-956},
	Title = {{Limits on Galactic dark matter with 5 years of EROS SMC data}},
	Volume = 400,
	Year = 2003,
	Bdsk-Url-1 = {http://dx.doi.org/10.1051/0004-6361:20030087}}

@article{1994AcA....44..227U,
	Adsnote = {Provided by the SAO/NASA Astrophysics Data System},
	Adsurl = {http://adsabs.harvard.edu/abs/1994AcA....44..227U},
	Author = {{Udalski}, A. and {Szymanski}, M. and {Kaluzny}, J. and {Kubiak}, M. and {Mateo}, M. and {Krzeminski}, W. and {Paczynski}, B.},
	Eprint = {arXiv:astro-ph/9408026},
	Journal = {\actaa},
	Keywords = {DARK MATTER, GRAVITATIONAL LENSING, STARS: LOW-MASS: BROWN DWARFS},
	Month = jul,
	Pages = {227-234},
	Title = {{The Optical Gravitational Lensing Experiment. The Early Warning System: Real Time Microlensing}},
	Volume = 44,
	Year = 1994}

@phdthesis{2000PhDT.......258B,
	Adsnote = {Provided by the SAO/NASA Astrophysics Data System},
	Adsurl = {http://adsabs.harvard.edu/abs/2000PhDT.......258B},
	Author = {{Becker}, A.~C.},
	School = {University of Washington},
	Title = {{Exotic gravitational microlensing effects as a probe of stellar and galactic structure}},
	Year = 2000}

@article{1998ApJ...509..687A,
	Adsnote = {Provided by the SAO/NASA Astrophysics Data System},
	Adsurl = {http://adsabs.harvard.edu/abs/1998ApJ...509..687A},
	Author = {{Albrow}, M. and {Beaulieu}, J.-P. and {Birch}, P. and {Caldwell}, J.~A.~R. and {Kane}, S. and {Martin}, R. and {Menzies}, J. and {Naber}, R.~M. and {Pel}, J.-W. and {Pollard}, K. and {Sackett}, P.~D. and {Sahu}, K.~C. and {Vreeswijk}, P. and {Williams}, A. and {Zwaan}, M.~A. and {The PLANET Collaboration}},
	Doi = {10.1086/306513},
	Eprint = {arXiv:astro-ph/9807299},
	Journal = {\apj},
	Keywords = {GALAXY: STELLAR CONTENT, COSMOLOGY: GRAVITATIONAL LENSING, STARS: PLANETARY SYSTEMS, STARS: VARIABLES: OTHER, SURVEYS},
	Month = dec,
	Pages = {687-702},
	Title = {{The 1995 Pilot Campaign of PLANET: Searching for Microlensing Anomalies through Precise, Rapid, Round-the-Clock Monitoring}},
	Volume = 509,
	Year = 1998,
	Bdsk-Url-1 = {http://dx.doi.org/10.1086/306513}}

@article{1996AJ....112.2398H,
	Adsnote = {Provided by the Smithsonian/NASA Astrophysics Data System},
	Adsurl = {http://adsabs.harvard.edu/cgi-bin/nph-bib_query?bibcode=1996AJ....112.2398H&db_key=AST},
	Author = {{Hamuy}, M. and {Phillips}, M.~M. and {Suntzeff}, N.~B. and {Schommer}, R.~A. and {Maza}, J. and {Aviles}, R.},
	Doi = {10.1086/118191},
	Eprint = {astro-ph/9609062},
	Journal = {\aj},
	Month = dec,
	Pages = {2398-+},
	Title = {{The Hubble Diagram of the Calan/Tololo Type IA Supernovae and the Value of HO}},
	Volume = 112,
	Year = 1996,
	Bdsk-Url-1 = {http://dx.doi.org/10.1086/118191}}

@article{1998AJ....116.1009R,
	Adsnote = {Provided by the SAO/NASA Astrophysics Data System},
	Adsurl = {http://adsabs.harvard.edu/abs/1998AJ....116.1009R},
	Author = {{Riess}, A.~G. and {Filippenko}, A.~V. and {Challis}, P. and {Clocchiatti}, A. and {Diercks}, A. and {Garnavich}, P.~M. and {Gilliland}, R.~L. and {Hogan}, C.~J. and {Jha}, S. and {Kirshner}, R.~P. and {Leibundgut}, B. and {Phillips}, M.~M. and {Reiss}, D. and {Schmidt}, B.~P. and {Schommer}, R.~A. and {Smith}, R.~C. and {Spyromilio}, J. and {Stubbs}, C. and {Suntzeff}, N.~B. and {Tonry}, J.},
	Doi = {10.1086/300499},
	Eprint = {arXiv:astro-ph/9805201},
	Journal = {\aj},
	Keywords = {COSMOLOGY: OBSERVATIONS, STARS: SUPERNOVAE: GENERAL},
	Month = sep,
	Pages = {1009-1038},
	Title = {{Observational Evidence from Supernovae for an Accelerating Universe and a Cosmological Constant}},
	Volume = 116,
	Year = 1998,
	Bdsk-Url-1 = {http://dx.doi.org/10.1086/300499}}

@article{1999ApJ...517..565P,
	Adsnote = {Provided by the SAO/NASA Astrophysics Data System},
	Adsurl = {http://adsabs.harvard.edu/abs/1999ApJ...517..565P},
	Author = {{Perlmutter}, S. and {Aldering}, G. and {Goldhaber}, G. and {Knop}, R.~A. and {Nugent}, P. and {Castro}, P.~G. and {Deustua}, S. and {Fabbro}, S. and {Goobar}, A. and {Groom}, D.~E. and {Hook}, I.~M. and {Kim}, A.~G. and {Kim}, M.~Y. and {Lee}, J.~C. and {Nunes}, N.~J. and {Pain}, R. and {Pennypacker}, C.~R. and {Quimby}, R. and {Lidman}, C. and {Ellis}, R.~S. and {Irwin}, M. and {McMahon}, R.~G. and {Ruiz-Lapuente}, P. and {Walton}, N. and {Schaefer}, B. and {Boyle}, B.~J. and {Filippenko}, A.~V. and {Matheson}, T. and {Fruchter}, A.~S. and {Panagia}, N. and {Newberg}, H.~J.~M. and {Couch}, W.~J. and {The Supernova Cosmology Project}},
	Doi = {10.1086/307221},
	Eprint = {arXiv:astro-ph/9812133},
	Journal = {\apj},
	Keywords = {COSMOLOGY: OBSERVATIONS, COSMOLOGY: DISTANCE SCALE, STARS: SUPERNOVAE: GENERAL},
	Month = jun,
	Pages = {565-586},
	Title = {{Measurements of Omega and Lambda from 42 High-Redshift Supernovae}},
	Volume = 517,
	Year = 1999,
	Bdsk-Url-1 = {http://dx.doi.org/10.1086/307221}}

@article{Becker04a,
	Adsnote = {Provided by the NASA Astrophysics Data System},
	Adsurl = {http://adsabs.harvard.edu/cgi-bin/nph-bib_query?bibcode=2004ApJ...611..418B&amp;db_key=AST},
	Author = {{Becker}, A.~C. and {Wittman}, D.~M. and {Boeshaar}, P.~C. and {Clocchiatti}, A. and {Dell'Antonio}, I.~P. and {Frail}, D.~A. and {Halpern}, J. and {Margoniner}, V.~E. and {Norman}, D. and {Tyson}, J.~A. and {Schommer}, R.~A.},
	Journal = {\apj},
	Month = aug,
	Pages = {418-433},
	Title = {{The Deep Lens Survey Transient Search. I. Short Timescale and Astrometric Variability}},
	Volume = 611,
	Year = 2004}

@article{2003MNRAS.339..427G,
	Adsnote = {Provided by the SAO/NASA Astrophysics Data System},
	Adsurl = {http://adsabs.harvard.edu/abs/2003MNRAS.339..427G},
	Author = {{Groot}, P.~J. and {Vreeswijk}, P.~M. and {Huber}, M.~E. and {Everett}, M.~E. and {Howell}, S.~B. and {Nelemans}, G. and {van Paradijs}, J. and {van den Heuvel}, E.~P.~J. and {Augusteijn}, T. and {Kuulkers}, E. and {Rutten}, R.~G.~M. and {Storm}, J.},
	Doi = {10.1046/j.1365-8711.2003.06182.x},
	Eprint = {arXiv:astro-ph/0210416},
	Journal = {\mnras},
	Keywords = {methods: data analysis, techniques: photometric, surveys, stars: variables: other, Galaxy: stellar content},
	Month = feb,
	Pages = {427-434},
	Title = {{The Faint Sky Variability Survey - I. Goals and data reduction process}},
	Volume = 339,
	Year = 2003,
	Bdsk-Url-1 = {http://dx.doi.org/10.1046/j.1365-8711.2003.06182.x}}

@article{2008AN....329..263D,
	Adsnote = {Provided by the SAO/NASA Astrophysics Data System},
	Adsurl = {http://adsabs.harvard.edu/abs/2008AN....329..263D},
	Archiveprefix = {arXiv},
	Author = {{Djorgovski}, S.~G. and {Baltay}, C. and {Mahabal}, A.~A. and {Drake}, A.~J. and {Williams}, R. and {Rabinowitz}, D. and {Graham}, M.~J. and {Donalek}, C. and {Glikman}, E. and {Bauer}, A. and {Scalzo}, R. and {Ellman}, N.},
	Doi = {10.1002/asna.200710948},
	Eprint = {0801.3005},
	Journal = {Astronomische Nachrichten},
	Keywords = {methods: data analysis, methods: observational, surveys},
	Month = mar,
	Pages = {263-+},
	Title = {{The Palomar-Quest digital synoptic sky survey}},
	Volume = 329,
	Year = 2008,
	Bdsk-Url-1 = {http://dx.doi.org/10.1002/asna.200710948}}

@unpublished{2011arXiv1102.5004D,
	Adsnote = {Provided by the SAO/NASA Astrophysics Data System},
	Adsurl = {http://adsabs.harvard.edu/abs/2011arXiv1102.5004D},
	Archiveprefix = {arXiv},
	Author = {{Djorgovski}, S.~G. and {Drake}, A.~J. and {Mahabal}, A.~A. and {Graham}, M.~J. and {Donalek}, C. and {Williams}, R. and {Beshore}, E.~C. and {Larson}, S.~M. and {Prieto}, J. and {Catelan}, M. and {Christensen}, E. and {McNaught}, R.~H.},
	Date-Modified = {2011-11-15 02:36:09 +0000},
	Eprint = {1102.5004},
	Journal = {ArXiv e-prints},
	Keywords = {Astrophysics - Instrumentation and Methods for Astrophysics, Astrophysics - Cosmology and Extragalactic Astrophysics, Astrophysics - High Energy Astrophysical Phenomena},
	Month = feb,
	Note = {{arXiv/1102.5004}},
	Primaryclass = {astro-ph.IM},
	Title = {{The Catalina Real-Time Transient Survey (CRTS)}},
	Year = 2011}

@article{2008AN....329..288M,
	Adsnote = {Provided by the SAO/NASA Astrophysics Data System},
	Adsurl = {http://adsabs.harvard.edu/abs/2008AN....329..288M},
	Archiveprefix = {arXiv},
	Author = {{Mahabal}, A. and {Djorgovski}, S.~G. and {Turmon}, M. and {Jewell}, J. and {Williams}, R.~R. and {Drake}, A.~J. and {Graham}, M.~G. and {Donalek}, C. and {Glikman}, E. and {Palomar-QUEST team}},
	Doi = {10.1002/asna.200710943},
	Eprint = {0802.3199},
	Journal = {Astronomische Nachrichten},
	Keywords = {astronomical databases: miscellaneous, methods: data analysis, methods: statistical, surveys},
	Month = mar,
	Pages = {288-291},
	Title = {{Automated probabilistic classification of transients and variables}},
	Volume = 329,
	Year = 2008,
	Bdsk-Url-1 = {http://dx.doi.org/10.1002/asna.200710943}}

@inproceedings{2010ASPC..434..115M,
	Adsnote = {Provided by the SAO/NASA Astrophysics Data System},
	Adsurl = {http://adsabs.harvard.edu/abs/2010ASPC..434..115M},
	Author = {{Mahabal}, A. and {Djorgovski}, S.~G. and {Donalek}, C. and {Drake}, A. and {Graham}, M. and {Williams}, R. and {Moghaddam}, B. and {Turmon}, M.},
	Booktitle = {Astronomical Data Analysis Software and Systems XIX},
	Date-Modified = {2011-11-15 02:30:52 +0000},
	Editor = {{Y.~Mizumoto, K.-I.~Morita, \& M.~Ohishi}},
	Month = dec,
	Pages = {115},
	Title = {{Mixing Bayesian Techniques for Effective Real-time Classification of Astronomical Transients}},
	Volume = 434,
	Year = 2010}

@inproceedings{2008AIPC.1082..252D,
	Adsnote = {Provided by the SAO/NASA Astrophysics Data System},
	Adsurl = {http://adsabs.harvard.edu/abs/2008AIPC.1082..252D},
	Archiveprefix = {arXiv},
	Author = {{Donalek}, C. and {Mahabal}, A. and {Djorgovski}, S.~G. and {Marney}, S. and {Drake}, A. and {Glikman}, E. and {Graham}, M.~J. and {Williams}, R.},
	Booktitle = {American Institute of Physics Conference Series},
	Doi = {10.1063/1.3059057},
	Editor = {{C.~A.~L.~Bailer-Jones}},
	Eprint = {0810.4945},
	Keywords = {Astronomical catalogs, atlases, sky surveys, databases, retrieval systems, archives, etc., Neural networks, Quasars; active or peculiar galaxies, objects, and systems},
	Month = dec,
	Pages = {252-256},
	Series = {American Institute of Physics Conference Series},
	Title = {{New Approaches to Object Classification in Synoptic Sky Surveys}},
	Volume = 1082,
	Year = 2008,
	Bdsk-Url-1 = {http://dx.doi.org/10.1063/1.3059057}}

@article{2010ApJ...713L.204B,
	Adsnote = {Provided by the SAO/NASA Astrophysics Data System},
	Adsurl = {http://adsabs.harvard.edu/abs/2010ApJ...713L.204B},
	Archiveprefix = {arXiv},
	Author = {{Blomme}, J. and {Debosscher}, J. and {De Ridder}, J. and {Aerts}, C. and {Gilliland}, R.~L. and {Christensen-Dalsgaard}, J. and {Kjeldsen}, H. and {Brown}, T.~M. and {Borucki}, W.~J. and {Koch}, D. and {Jenkins}, J.~M. and {Kurtz}, D.~W. and {Stello}, D. and {Stevens}, I.~R. and {Suran}, M.~D. and {Derekas}, A.},
	Doi = {10.1088/2041-8205/713/2/L204},
	Eprint = {1001.0507},
	Journal = {\apjl},
	Keywords = {binaries: eclipsing, methods: data analysis, methods: statistical, stars: variables: general, techniques: photometric},
	Month = apr,
	Pages = {L204-L207},
	Primaryclass = {astro-ph.SR},
	Title = {{Automated Classification of Variable Stars in the Asteroseismology Program of the Kepler Space Mission}},
	Volume = 713,
	Year = 2010,
	Bdsk-Url-1 = {http://dx.doi.org/10.1088/2041-8205/713/2/L204}}

@article{2008AN....329..269H,
	Adsnote = {Provided by the SAO/NASA Astrophysics Data System},
	Adsurl = {http://adsabs.harvard.edu/abs/2008AN....329..269H},
	Author = {{Hidas}, M.~G. and {Hawkins}, E. and {Walker}, Z. and {Brown}, T.~M. and {Rosing}, W.~E.},
	Doi = {10.1002/asna.200710950},
	Journal = {Astronomische Nachrichten},
	Keywords = {telescopes},
	Month = mar,
	Pages = {269-+},
	Title = {{Las Cumbres Observatory Global Telescope: A homogeneous telescope network}},
	Volume = 329,
	Year = 2008,
	Bdsk-Url-1 = {http://dx.doi.org/10.1002/asna.200710950}}

@article{2009ApJS..185...32K,
	Adsnote = {Provided by the SAO/NASA Astrophysics Data System},
	Adsurl = {http://adsabs.harvard.edu/abs/2009ApJS..185...32K},
	Archiveprefix = {arXiv},
	Author = {{Kessler}, R. and {Becker}, A.~C. and {Cinabro}, D. and {Vanderplas}, J. and {Frieman}, J.~A. and {Marriner}, J. and {Davis}, T.~M. and {Dilday}, B. and {Holtzman}, J. and {Jha}, S.~W. and {Lampeitl}, H. and {Sako}, M. and {Smith}, M. and {Zheng}, C. and {Nichol}, R.~C. and {Bassett}, B. and {Bender}, R. and {Depoy}, D.~L. and {Doi}, M. and {Elson}, E. and {Filippenko}, A.~V. and {Foley}, R.~J. and {Garnavich}, P.~M. and {Hopp}, U. and {Ihara}, Y. and {Ketzeback}, W. and {Kollatschny}, W. and {Konishi}, K. and {Marshall}, J.~L. and {McMillan}, R.~J. and {Miknaitis}, G. and {Morokuma}, T. and {M{\"o}rtsell}, E. and {Pan}, K. and {Prieto}, J.~L. and {Richmond}, M.~W. and {Riess}, A.~G. and {Romani}, R. and {Schneider}, D.~P. and {Sollerman}, J. and {Takanashi}, N. and {Tokita}, K. and {van der Heyden}, K. and {Wheeler}, J.~C. and {Yasuda}, N. and {York}, D.},
	Doi = {10.1088/0067-0049/185/1/32},
	Eprint = {0908.4274},
	Journal = {\apjs},
	Keywords = {cosmological parameters, cosmology: observations, distance scale, methods: data analysis, supernovae: general, surveys},
	Month = nov,
	Pages = {32-84},
	Title = {{First-Year Sloan Digital Sky Survey-II Supernova Results: Hubble Diagram and Cosmological Parameters}},
	Volume = 185,
	Year = 2009,
	Bdsk-Url-1 = {http://dx.doi.org/10.1088/0067-0049/185/1/32}}

@article{2008AJ....135..348S,
	Adsnote = {Provided by the SAO/NASA Astrophysics Data System},
	Adsurl = {http://adsabs.harvard.edu/abs/2008AJ....135..348S},
	Author = {{Sako}, M. and {Bassett}, B. and {Becker}, A. and {Cinabro}, D. and {DeJongh}, F. and {Depoy}, D.~L. and {Dilday}, B. and {Doi}, M. and {Frieman}, J.~A. and {Garnavich}, P.~M. and {Hogan}, C.~J. and {Holtzman}, J. and {Jha}, S. and {Kessler}, R. and {Konishi}, K. and {Lampeitl}, H. and {Marriner}, J. and {Miknaitis}, G. and {Nichol}, R.~C. and {Prieto}, J.~L. and {Riess}, A.~G. and {Richmond}, M.~W. and {Romani}, R. and {Schneider}, D.~P. and {Smith}, M. and {Subba Rao}, M. and {Takanashi}, N. and {Tokita}, K. and {van der Heyden}, K. and {Yasuda}, N. and {Zheng}, C. and {Barentine}, J. and {Brewington}, H. and {Choi}, C. and {Dembicky}, J. and {Harnavek}, M. and {Ihara}, Y. and {Im}, M. and {Ketzeback}, W. and {Kleinman}, S.~J. and {Krzesi{\'n}ski}, J. and {Long}, D.~C. and {Malanushenko}, E. and {Malanushenko}, V. and {McMillan}, R.~J. and {Morokuma}, T. and {Nitta}, A. and {Pan}, K. and {Saurage}, G. and {Snedden}, S.~A.},
	Doi = {10.1088/0004-6256/135/1/348},
	Eprint = {arXiv:0708.2750},
	Journal = {\aj},
	Month = jan,
	Pages = {348-373},
	Title = {{The Sloan Digital Sky Survey-II Supernova Survey: Search Algorithm and Follow-Up Observations}},
	Volume = 135,
	Year = 2008,
	Bdsk-Url-1 = {http://dx.doi.org/10.1088/0004-6256/135/1/348}}

@article{2004ApJ...611..418B,
	Adsnote = {Provided by the Smithsonian/NASA Astrophysics Data System},
	Adsurl = {http://adsabs.harvard.edu/cgi-bin/nph-bib_query?bibcode=2004ApJ...611..418B&db_key=AST},
	Author = {{Becker}, A.~C. and {Wittman}, D.~M. and {Boeshaar}, P.~C. and {Clocchiatti}, A. and {Dell'Antonio}, I.~P. and {Frail}, D.~A. and {Halpern}, J. and {Margoniner}, V.~E. and {Norman}, D. and {Tyson}, J.~A. and {Schommer}, R.~A.},
	Doi = {10.1086/421994},
	Journal = {\apj},
	Month = aug,
	Pages = {418-433},
	Title = {{The Deep Lens Survey Transient Search. I. Short Timescale and Astrometric Variability}},
	Volume = 611,
	Year = 2004,
	Bdsk-Url-1 = {http://dx.doi.org/10.1086/421994}}

@article{2008AJ....135..338F,
	Adsnote = {Provided by the SAO/NASA Astrophysics Data System},
	Adsurl = {http://adsabs.harvard.edu/abs/2008AJ....135..338F},
	Author = {{Frieman}, J.~A. and {Bassett}, B. and {Becker}, A. and {Choi}, C. and {Cinabro}, D. and {DeJongh}, F. and {Depoy}, D.~L. and {Dilday}, B. and {Doi}, M. and {Garnavich}, P.~M. and {Hogan}, C.~J. and {Holtzman}, J. and {Im}, M. and {Jha}, S. and {Kessler}, R. and {Konishi}, K. and {Lampeitl}, H. and {Marriner}, J. and {Marshall}, J.~L. and {McGinnis}, D. and {Miknaitis}, G. and {Nichol}, R.~C. and {Prieto}, J.~L. and {Riess}, A.~G. and {Richmond}, M.~W. and {Romani}, R. and {Sako}, M. and {Schneider}, D.~P. and {Smith}, M. and {Takanashi}, N. and {Tokita}, K. and {van der Heyden}, K. and {Yasuda}, N. and {Zheng}, C. and {Adelman-McCarthy}, J. and {Annis}, J. and {Assef}, R.~J. and {Barentine}, J. and {Bender}, R. and {Blandford}, R.~D. and {Boroski}, W.~N. and {Bremer}, M. and {Brewington}, H. and {Collins}, C.~A. and {Crotts}, A. and {Dembicky}, J. and {Eastman}, J. and {Edge}, A. and {Edmondson}, E. and {Elson}, E. and {Eyler}, M.~E. and {Filippenko}, A.~V. and {Foley}, R.~J. and {Frank}, S. and {Goobar}, A. and {Gueth}, T. and {Gunn}, J.~E. and {Harvanek}, M. and {Hopp}, U. and {Ihara}, Y. and {Ivezi{\'c}}, {\v Z}. and {Kahn}, S. and {Kaplan}, J. and {Kent}, S. and {Ketzeback}, W. and {Kleinman}, S.~J. and {Kollatschny}, W. and {Kron}, R.~G. and {Krzesi{\'n}ski}, J. and {Lamenti}, D. and {Leloudas}, G. and {Lin}, H. and {Long}, D.~C. and {Lucey}, J. and {Lupton}, R.~H. and {Malanushenko}, E. and {Malanushenko}, V. and {McMillan}, R.~J. and {Mendez}, J. and {Morgan}, C.~W. and {Morokuma}, T. and {Nitta}, A. and {Ostman}, L. and {Pan}, K. and {Rockosi}, C.~M. and {Romer}, A.~K. and {Ruiz-Lapuente}, P. and {Saurage}, G. and {Schlesinger}, K. and {Snedden}, S.~A. and {Sollerman}, J. and {Stoughton}, C. and {Stritzinger}, M. and {Subba Rao}, M. and {Tucker}, D. and {Vaisanen}, P. and {Watson}, L.~C. and {Watters}, S. and {Wheeler}, J.~C. and {Yanny}, B. and {York}, D.},
	Doi = {10.1088/0004-6256/135/1/338},
	Eprint = {arXiv:0708.2749},
	Journal = {\aj},
	Month = jan,
	Pages = {338-347},
	Title = {{The Sloan Digital Sky Survey-II Supernova Survey: Technical Summary}},
	Volume = 135,
	Year = 2008,
	Bdsk-Url-1 = {http://dx.doi.org/10.1088/0004-6256/135/1/338}}

@article{2007ApJ...663.1187H,
	Adsnote = {Provided by the SAO/NASA Astrophysics Data System},
	Adsurl = {http://adsabs.harvard.edu/abs/2007ApJ...663.1187H},
	Author = {{Hsiao}, E.~Y. and {Conley}, A. and {Howell}, D.~A. and {Sullivan}, M. and {Pritchet}, C.~J. and {Carlberg}, R.~G. and {Nugent}, P.~E. and {Phillips}, M.~M.},
	Doi = {10.1086/518232},
	Eprint = {arXiv:astro-ph/0703529},
	Journal = {\apj},
	Keywords = {Cosmology: Observations, Stars: Supernovae: General},
	Month = jul,
	Pages = {1187-1200},
	Title = {{K-Corrections and Spectral Templates of Type Ia Supernovae}},
	Volume = 663,
	Year = 2007,
	Bdsk-Url-1 = {http://dx.doi.org/10.1086/518232}}

@article{2007A&A...466...11G,
	Adsnote = {Provided by the SAO/NASA Astrophysics Data System},
	Adsurl = {http://adsabs.harvard.edu/abs/2007A%26A...466...11G},
	Author = {{Guy}, J. and {Astier}, P. and {Baumont}, S. and {Hardin}, D. and {Pain}, R. and {Regnault}, N. and {Basa}, S. and {Carlberg}, R.~G. and {Conley}, A. and {Fabbro}, S. and {Fouchez}, D. and {Hook}, I.~M. and {Howell}, D.~A. and {Perrett}, K. and {Pritchet}, C.~J. and {Rich}, J. and {Sullivan}, M. and {Antilogus}, P. and {Aubourg}, E. and {Bazin}, G. and {Bronder}, J. and {Filiol}, M. and {Palanque-Delabrouille}, N. and {Ripoche}, P. and {Ruhlmann-Kleider}, V.},
	Doi = {10.1051/0004-6361:20066930},
	Eprint = {arXiv:astro-ph/0701828},
	Journal = {\aap},
	Keywords = {supernovae: general, cosmology: observations},
	Month = apr,
	Pages = {11-21},
	Title = {{SALT2: using distant supernovae to improve the use of type Ia supernovae as distance indicators}},
	Volume = 466,
	Year = 2007,
	Bdsk-Url-1 = {http://dx.doi.org/10.1051/0004-6361:20066930}}

@article{RRLyrae,
	Author = {{Oluseyi}, H. M. and {Becker}, A. C. and {Culliton}, C. and {Furqan}, M. and {Hoadley}, K.~L. and Regencia, P. and {Wells}, A.~J. and {Ivezi$\acute{c}$}, $\breve{Z}$ and {Jones}, R. L. {Krughoff}, K. and Sesar, B. and Jacoby, S. and Allison, I. J.},
	Journal = {\apj, Submitted},
	Title = {{Simulated LSST survey of RR Lyrae stars throughout the Local Group}},
	Year = 2011}

@article{2009ApJ...707..193F,
	Adsnote = {Provided by the SAO/NASA Astrophysics Data System},
	Adsurl = {http://adsabs.harvard.edu/abs/2009ApJ...707..193F},
	Archiveprefix = {arXiv},
	Author = {{Fryer}, C.~L. and {Brown}, P.~J. and {Bufano}, F. and {Dahl}, J.~A. and {Fontes}, C.~J. and {Frey}, L.~H. and {Holland}, S.~T. and {Hungerford}, A.~L. and {Immler}, S. and {Mazzali}, P. and {Milne}, P.~A. and {Scannapieco}, E. and {Weinberg}, N. and {Young}, P.~A.},
	Doi = {10.1088/0004-637X/707/1/193},
	Eprint = {0908.0701},
	Journal = {\apj},
	Keywords = {gravitational waves, neutrinos, supernovae: general, white dwarfs},
	Month = dec,
	Pages = {193-207},
	Primaryclass = {astro-ph.SR},
	Title = {{Spectra and Light Curves of Failed Supernovae}},
	Volume = 707,
	Year = 2009,
	Bdsk-Url-1 = {http://dx.doi.org/10.1088/0004-637X/707/1/193}}

@article{2010ApJ...708..717S,
	Adsnote = {Provided by the SAO/NASA Astrophysics Data System},
	Adsurl = {http://adsabs.harvard.edu/abs/2010ApJ...708..717S},
	Archiveprefix = {arXiv},
	Author = {{Sesar}, B. and {Ivezi{\'c}}, {\v Z}. and {Grammer}, S.~H. and {Morgan}, D.~P. and {Becker}, A.~C. and {Juri{\'c}}, M. and {De Lee}, N. and {Annis}, J. and {Beers}, T.~C. and {Fan}, X. and {Lupton}, R.~H. and {Gunn}, J.~E. and {Knapp}, G.~R. and {Jiang}, L. and {Jester}, S. and {Johnston}, D.~E. and {Lampeitl}, H.},
	Doi = {10.1088/0004-637X/708/1/717},
	Eprint = {0910.4611},
	Journal = {\apj},
	Keywords = {Galaxy: halo, Galaxy: stellar content, Galaxy: structure, methods: data analysis, stars: horizontal-branch, stars: statistics, stars: variables: other},
	Month = jan,
	Pages = {717-741},
	Title = {{Light Curve Templates and Galactic Distribution of RR Lyrae Stars from Sloan Digital Sky Survey Stripe 82}},
	Volume = 708,
	Year = 2010,
	Bdsk-Url-1 = {http://dx.doi.org/10.1088/0004-637X/708/1/717}}

@article{2008AN....329..280B,
	Adsnote = {Provided by the SAO/NASA Astrophysics Data System},
	Adsurl = {http://adsabs.harvard.edu/abs/2008AN....329..280B},
	Archiveprefix = {arXiv},
	Author = {{Becker}, A.~C.},
	Doi = {10.1002/asna.200710937},
	Eprint = {0801.1503},
	Journal = {Astronomische Nachrichten},
	Keywords = {methods: data analysis, surveys, techniques: image processing},
	Month = mar,
	Pages = {280-+},
	Title = {{Transient detection and classification}},
	Volume = 329,
	Year = 2008,
	Bdsk-Url-1 = {http://dx.doi.org/10.1002/asna.200710937}}

@article{1993ApJ...413L.105P,
	Adsnote = {Provided by the SAO/NASA Astrophysics Data System},
	Adsurl = {http://adsabs.harvard.edu/abs/1993ApJ...413L.105P},
	Author = {{Phillips}, M.~M.},
	Doi = {10.1086/186970},
	Journal = {\apjl},
	Keywords = {LIGHT CURVE, STELLAR MAGNITUDE, SUPERNOVAE, WHITE DWARF STARS, ASTRONOMICAL PHOTOMETRY, BRIGHTNESS DISTRIBUTION, STELLAR LUMINOSITY},
	Month = aug,
	Pages = {L105-L108},
	Title = {{The absolute magnitudes of Type IA supernovae}},
	Volume = 413,
	Year = 1993,
	Bdsk-Url-1 = {http://dx.doi.org/10.1086/186970}}

@article{2007ApJ...665.1246B,
	Adsnote = {Provided by the SAO/NASA Astrophysics Data System},
	Adsurl = {http://adsabs.harvard.edu/abs/2007ApJ...665.1246B},
	Archiveprefix = {arXiv},
	Author = {{Bailey}, S. and {Aragon}, C. and {Romano}, R. and {Thomas}, R.~C. and {Weaver}, B.~A. and {Wong}, D.},
	Doi = {10.1086/519832},
	Eprint = {0705.0493},
	Journal = {\apj},
	Keywords = {Methods: Data Analysis, Methods: Statistical, Stars: Supernovae: General, Techniques: Image Processing},
	Month = aug,
	Pages = {1246-1253},
	Title = {{How to Find More Supernovae with Less Work: Object Classification Techniques for Difference Imaging}},
	Volume = 665,
	Year = 2007,
	Bdsk-Url-1 = {http://dx.doi.org/10.1086/519832}}

@unpublished{2011arXiv1110.4655D,
	Adsnote = {Provided by the SAO/NASA Astrophysics Data System},
	Adsurl = {http://adsabs.harvard.edu/abs/2011arXiv1110.4655D},
	Archiveprefix = {arXiv},
	Author = {{Djorgovski}, S.~G. and {Donalek}, C. and {Mahabal}, A. and {Moghaddam}, B. and {Turmon}, M. and {Graham}, M. and {Drake}, A. and {Sharma}, N. and {Chen}, Y.},
	Date-Modified = {2011-11-15 02:36:25 +0000},
	Eprint = {1110.4655},
	Journal = {ArXiv e-prints},
	Keywords = {Astrophysics - Instrumentation and Methods for Astrophysics, Physics - Computational Physics},
	Month = oct,
	Note = {{arXiv/1110.4655}},
	Primaryclass = {astro-ph.IM},
	Title = {{Towards an Automated Classification of Transient Events in Synoptic Sky Surveys}},
	Year = 2011}

@unpublished{2011arXiv1106.5491B,
	Adsnote = {Provided by the SAO/NASA Astrophysics Data System},
	Adsurl = {http://adsabs.harvard.edu/abs/2011arXiv1106.5491B},
	Archiveprefix = {arXiv},
	Author = {{Bloom}, J.~S. and {Richards}, J.~W. and {Nugent}, P.~E. and {Quimby}, R.~M. and {Kasliwal}, M.~M. and {Starr}, D.~L. and {Poznanski}, D. and {Ofek}, E.~O. and {Cenko}, S.~B. and {Butler}, N.~R. and {Kulkarni}, S.~R. and {Gal-Yam}, A. and {Law}, N.},
	Date-Modified = {2011-11-15 02:35:47 +0000},
	Eprint = {1106.5491},
	Journal = {ArXiv e-prints},
	Keywords = {Astrophysics - Instrumentation and Methods for Astrophysics, Astrophysics - Cosmology and Extragalactic Astrophysics, Astrophysics - Galaxy Astrophysics},
	Month = jun,
	Note = {{arXiv/1106.5491}},
	Primaryclass = {astro-ph.IM},
	Title = {{Automating Discovery and Classification of Transients and Variable Stars in the Synoptic Survey Era}},
	Year = 2011}

@article{2011arXiv1106.2832R,
	Adsnote = {Provided by the SAO/NASA Astrophysics Data System},
	Adsurl = {http://adsabs.harvard.edu/abs/2011arXiv1106.2832R},
	Archiveprefix = {arXiv},
	Author = {{Richards}, J.~W. and {Starr}, D.~L. and {Brink}, H. and {Miller}, A.~A. and {Bloom}, J.~S. and {Butler}, N.~R. and {Berian James}, J. and {Long}, J.~P. and {Rice}, J.},
	Eprint = {1106.2832},
	Journal = {ArXiv e-prints},
	Keywords = {Astrophysics - Instrumentation and Methods for Astrophysics, Statistics - Applications},
	Month = jun,
	Primaryclass = {astro-ph.IM},
	Title = {{Active Learning to Overcome Sample Selection Bias: Application to Photometric Variable Star Classification}},
	Year = 2011}

@article{2011ApJ...733...10R,
	Adsnote = {Provided by the SAO/NASA Astrophysics Data System},
	Adsurl = {http://adsabs.harvard.edu/abs/2011ApJ...733...10R},
	Archiveprefix = {arXiv},
	Author = {{Richards}, J.~W. and {Starr}, D.~L. and {Butler}, N.~R. and {Bloom}, J.~S. and {Brewer}, J.~M. and {Crellin-Quick}, A. and {Higgins}, J. and {Kennedy}, R. and {Rischard}, M.},
	Doi = {10.1088/0004-637X/733/1/10},
	Eprint = {1101.1959},
	Journal = {\apj},
	Keywords = {methods: data analysis, methods: statistical, stars: variables: general, techniques: photometric},
	Month = may,
	Pages = {10-+},
	Primaryclass = {astro-ph.IM},
	Title = {{On Machine-learned Classification of Variable Stars with Sparse and Noisy Time-series Data}},
	Volume = 733,
	Year = 2011,
	Bdsk-Url-1 = {http://dx.doi.org/10.1088/0004-637X/733/1/10}}

@article{2007A&A...475.1159D,
	Adsnote = {Provided by the SAO/NASA Astrophysics Data System},
	Adsurl = {http://adsabs.harvard.edu/abs/2007A%26A...475.1159D},
	Archiveprefix = {arXiv},
	Author = {{Debosscher}, J. and {Sarro}, L.~M. and {Aerts}, C. and {Cuypers}, J. and {Vandenbussche}, B. and {Garrido}, R. and {Solano}, E.},
	Doi = {10.1051/0004-6361:20077638},
	Eprint = {0711.0703},
	Journal = {\aap},
	Keywords = {stars: variables: general, stars: binaries: general, techniques: photometric, methods: statistical, methods: data analysis},
	Month = dec,
	Pages = {1159-1183},
	Title = {{Automated supervised classification of variable stars. I. Methodology}},
	Volume = 475,
	Year = 2007,
	Bdsk-Url-1 = {http://dx.doi.org/10.1051/0004-6361:20077638}}

@article{2010PASP..122..935E,
	Adsnote = {Provided by the SAO/NASA Astrophysics Data System},
	Adsurl = {http://adsabs.harvard.edu/abs/2010PASP..122..935E},
	Archiveprefix = {arXiv},
	Author = {{Eastman}, J. and {Siverd}, R. and {Gaudi}, B.~S.},
	Doi = {10.1086/655938},
	Eprint = {1005.4415},
	Journal = {\pasp},
	Keywords = {Astronomical Techniques},
	Month = aug,
	Pages = {935-946},
	Primaryclass = {astro-ph.IM},
	Title = {{Achieving Better Than 1 Minute Accuracy in the Heliocentric and Barycentric Julian Dates}},
	Volume = 122,
	Year = 2010,
	Bdsk-Url-1 = {http://dx.doi.org/10.1086/655938}}

@article{2007AJ....134..973I,
	Adsnote = {Provided by the SAO/NASA Astrophysics Data System},
	Adsurl = {http://adsabs.harvard.edu/abs/2007AJ....134..973I},
	Author = {{Ivezi{\'c}}, {\v Z}. and {Smith}, J.~A. and {Miknaitis}, G. and {Lin}, H. and {Tucker}, D. and {Lupton}, R.~H. and {Gunn}, J.~E. and {Knapp}, G.~R. and {Strauss}, M.~A. and {Sesar}, B. and {Doi}, M. and {Tanaka}, M. and {Fukugita}, M. and {Holtzman}, J. and {Kent}, S. and {Yanny}, B. and {Schlegel}, D. and {Finkbeiner}, D. and {Padmanabhan}, N. and {Rockosi}, C.~M. and {Juri{\'c}}, M. and {Bond}, N. and {Lee}, B. and {Stoughton}, C. and {Jester}, S. and {Harris}, H. and {Harding}, P. and {Morrison}, H. and {Brinkmann}, J. and {Schneider}, D.~P. and {York}, D.},
	Doi = {10.1086/519976},
	Eprint = {arXiv:astro-ph/0703157},
	Journal = {\aj},
	Keywords = {catalogs, instrumentation: photometers, methods: data analysis, standards, surveys, techniques: photometric},
	Month = sep,
	Pages = {973-998},
	Title = {{Sloan Digital Sky Survey Standard Star Catalog for Stripe 82: The Dawn of Industrial 1\% Optical Photometry}},
	Volume = 134,
	Year = 2007,
	Bdsk-Url-1 = {http://dx.doi.org/10.1086/519976}}

@unpublished{2002astro.ph.10394H,
	Adsnote = {Provided by the SAO/NASA Astrophysics Data System},
	Adsurl = {http://adsabs.harvard.edu/abs/2002astro.ph.10394H},
	Author = {{Hogg}, D.~W. and {Baldry}, I.~K. and {Blanton}, M.~R. and {Eisenstein}, D.~J.},
	Date-Modified = {2011-11-15 02:36:52 +0000},
	Eprint = {arXiv:astro-ph/0210394},
	Journal = {ArXiv Astrophysics e-prints},
	Keywords = {Astrophysics},
	Month = oct,
	Note = {arXiv:astro-ph/0210394},
	Title = {{The K correction}},
	Year = 2002}

@article{2007PASP..119.1163S,
	Adsnote = {Provided by the SAO/NASA Astrophysics Data System},
	Adsurl = {http://adsabs.harvard.edu/abs/2007PASP..119.1163S},
	Archiveprefix = {arXiv},
	Author = {{Stubbs}, C.~W. and {High}, F.~W. and {George}, M.~R. and {DeRose}, K.~L. and {Blondin}, S. and {Tonry}, J.~L. and {Chambers}, K.~C. and {Granett}, B.~R. and {Burke}, D.~L. and {Smith}, R.~C.},
	Doi = {10.1086/522208},
	Eprint = {0708.1364},
	Journal = {\pasp},
	Keywords = {Astronomical Phenomena and Seeing},
	Month = oct,
	Pages = {1163-1178},
	Title = {{Toward More Precise Survey Photometry for PanSTARRS and LSST: Measuring Directly the Optical Transmission Spectrum of the Atmosphere}},
	Volume = 119,
	Year = 2007,
	Bdsk-Url-1 = {http://dx.doi.org/10.1086/522208}}

@article{2006ApJ...646.1436S,
	Adsnote = {Provided by the SAO/NASA Astrophysics Data System},
	Adsurl = {http://adsabs.harvard.edu/abs/2006ApJ...646.1436S},
	Author = {{Stubbs}, C.~W. and {Tonry}, J.~L.},
	Doi = {10.1086/505138},
	Eprint = {arXiv:astro-ph/0604285},
	Journal = {\apj},
	Keywords = {Atmospheric Effects, Instrumentation: Detectors, Instrumentation: Photometers},
	Month = aug,
	Pages = {1436-1444},
	Title = {{Toward 1\% Photometry: End-to-End Calibration of Astronomical Telescopes and Detectors}},
	Volume = 646,
	Year = 2006,
	Bdsk-Url-1 = {http://dx.doi.org/10.1086/505138}}

@inproceedings{1999SPIE.3756..348B,
	Adsnote = {Provided by the SAO/NASA Astrophysics Data System},
	Adsurl = {http://adsabs.harvard.edu/abs/1999SPIE.3756..348B},
	Author = {{Berk}, A. and {Anderson}, G.~P. and {Bernstein}, L.~S. and {Acharya}, P.~K. and {Dothe}, H. and {Matthew}, M.~W. and {Adler-Golden}, S.~M. and {Chetwynd}, J.~H. and {Richtsmeier}, S.~C. and {Pukall}, B. and {Allred}, C.~L. and {Jeong}, L.~S. and {Hoke}, M.~L.},
	Booktitle = {Society of Photo-Optical Instrumentation Engineers (SPIE) Conference Series},
	Editor = {{A.~M.~Larar}},
	Month = oct,
	Pages = {348-353},
	Series = {Society of Photo-Optical Instrumentation Engineers (SPIE) Conference Series},
	Title = {{MODTRAN4 radiative transfer modeling for atmospheric correction}},
	Volume = 3756,
	Year = 1999}

@article{1995AJ....110.1071C,
	Adsnote = {Provided by the SAO/NASA Astrophysics Data System},
	Adsurl = {http://adsabs.harvard.edu/abs/1995AJ....110.1071C},
	Author = {{Connolly}, A.~J. and {Szalay}, A.~S. and {Bershady}, M.~A. and {Kinney}, A.~L. and {Calzetti}, D.},
	Doi = {10.1086/117587},
	Eprint = {arXiv:astro-ph/9411044},
	Journal = {\aj},
	Keywords = {GALAXIES: FUNDAMENTAL PARAMETERS},
	Month = sep,
	Pages = {1071-+},
	Title = {{Spectral Classification of Galaxies: an Orthogonal Approach}},
	Volume = 110,
	Year = 1995,
	Bdsk-Url-1 = {http://dx.doi.org/10.1086/117587}}

@article{2010ApJ...719.1759A,
	Adsnote = {Provided by the SAO/NASA Astrophysics Data System},
	Adsurl = {http://adsabs.harvard.edu/abs/2010ApJ...719.1759A},
	Archiveprefix = {arXiv},
	Author = {{Asensio Ramos}, A. and {Allende Prieto}, C.},
	Doi = {10.1088/0004-637X/719/2/1759},
	Eprint = {1006.5391},
	Journal = {\apj},
	Keywords = {methods: statistical, stars: statistics, surveys},
	Month = aug,
	Pages = {1759-1766},
	Primaryclass = {astro-ph.SR},
	Title = {{Spectroscopy from Photometry Using Sparsity: The SDSS Case Study}},
	Volume = 719,
	Year = 2010,
	Bdsk-Url-1 = {http://dx.doi.org/10.1088/0004-637X/719/2/1759}}

@article{Karhunen:47,
	Author = {K. Karhunen},
	Date-Modified = {2010-01-06 14:26:07 -0500},
	Journal = {Ann. Acad. Sci. Fenn., Ser. A.1.: Math.-Phys.},
	Pages = {3--79},
	Title = {{\"U}ber lineare methoden in der {W}ahrscheinlichkeitsrechnung},
	Volume = 37,
	Year = 1947}

@incollection{Loeve:48,
	Author = {M. Lo\`eve},
	Booktitle = {Processus Stochastiques et Mouvement Brownien},
	Editor = {P. Levy},
	Publisher = {Gauthier-Villars},
	Title = {Fonctions Aleatoires de Seconde Ordre},
	Year = 1948}

@article{2009A&A...496..577Z,
	Adsnote = {Provided by the SAO/NASA Astrophysics Data System},
	Adsurl = {http://adsabs.harvard.edu/abs/2009A%26A...496..577Z},
	Archiveprefix = {arXiv},
	Author = {{Zechmeister}, M. and {K{\"u}rster}, M.},
	Doi = {10.1051/0004-6361:200811296},
	Eprint = {0901.2573},
	Journal = {\aap},
	Keywords = {methods: data analysis, methods: analytical, methods: statistical, techniques: radial velocities},
	Month = mar,
	Pages = {577-584},
	Primaryclass = {astro-ph.IM},
	Title = {{The generalised Lomb-Scargle periodogram. A new formalism for the floating-mean and Keplerian periodograms}},
	Volume = 496,
	Year = 2009,
	Bdsk-Url-1 = {http://dx.doi.org/10.1051/0004-6361:200811296}}

@article{2010ApJ...717...40K,
	Adsnote = {Provided by the SAO/NASA Astrophysics Data System},
	Adsurl = {http://adsabs.harvard.edu/abs/2010ApJ...717...40K},
	Archiveprefix = {arXiv},
	Author = {{Kessler}, R. and {Cinabro}, D. and {Bassett}, B. and {Dilday}, B. and {Frieman}, J.~A. and {Garnavich}, P.~M. and {Jha}, S. and {Marriner}, J. and {Nichol}, R.~C. and {Sako}, M. and {Smith}, M. and {Bernstein}, J.~P. and {Bizyaev}, D. and {Goobar}, A. and {Kuhlmann}, S. and {Schneider}, D.~P. and {Stritzinger}, M.},
	Doi = {10.1088/0004-637X/717/1/40},
	Eprint = {1001.0738},
	Journal = {\apj},
	Keywords = {methods: data analysis, supernovae: general, techniques: photometric},
	Month = jul,
	Pages = {40-57},
	Primaryclass = {astro-ph.CO},
	Title = {{Photometric Estimates of Redshifts and Distance Moduli for Type Ia Supernovae}},
	Volume = 717,
	Year = 2010,
	Bdsk-Url-1 = {http://dx.doi.org/10.1088/0004-637X/717/1/40}}

@article{zouht04,
	Added-At = {2011-05-09T23:10:52.000+0200},
	Author = {Zou, H. and Hastie, T. and Tibshirani, R.},
	Biburl = {http://www.bibsonomy.org/bibtex/29dc617b1bc74952c8fcd9681090308ce/josephausterwei},
	Interhash = {678dd2b855875e046f96532109d3ebbe},
	Intrahash = {9dc617b1bc74952c8fcd9681090308ce},
	Journal = {Journal of Computational and Graphical Statistics},
	Keywords = {imported},
	Pages = {262-286},
	Timestamp = {2011-05-09T23:10:52.000+0200},
	Title = {Sparse principal component analysis},
	Volume = 15,
	Year = 2006}

@unpublished{2011arXiv1104.3142B,
	Adsnote = {Provided by the SAO/NASA Astrophysics Data System},
	Adsurl = {http://adsabs.harvard.edu/abs/2011arXiv1104.3142B},
	Archiveprefix = {arXiv},
	Author = {{Bloom}, J.~S. and {Richards}, J.~W.},
	Date-Modified = {2011-11-15 02:35:29 +0000},
	Eprint = {1104.3142},
	Journal = {ArXiv e-prints},
	Keywords = {Astrophysics - Instrumentation and Methods for Astrophysics},
	Month = apr,
	Note = {arXiv/1104.3142},
	Primaryclass = {astro-ph.IM},
	Title = {{Data Mining and Machine-Learning in Time-Domain Discovery {\amp} Classification}},
	Year = 2011}

@article{2009arXiv0912.0201L,
	Adsnote = {Provided by the SAO/NASA Astrophysics Data System},
	Adsurl = {http://adsabs.harvard.edu/abs/2009arXiv0912.0201L},
	Archiveprefix = {arXiv},
	Author = {{LSST Science Collaborations} and {Abell}, P.~A. and {Allison}, J. and {Anderson}, S.~F. and {Andrew}, J.~R. and {Angel}, J.~R.~P. and {Armus}, L. and {Arnett}, D. and {Asztalos}, S.~J. and {Axelrod}, T.~S. and et al.},
	Eprint = {0912.0201},
	Journal = {ArXiv e-prints},
	Keywords = {Astrophysics - Instrumentation and Methods for Astrophysics, Astrophysics - Cosmology and Extragalactic Astrophysics, Astrophysics - Earth and Planetary Astrophysics, Astrophysics - Galaxy Astrophysics, Astrophysics - Solar and Stellar Astrophysics},
	Month = dec,
	Primaryclass = {astro-ph.IM},
	Title = {{LSST Science Book, Version 2.0}},
	Year = 2009}

@article{ksf+96,
	Adsnote = {Provided by the SAO/NASA Astrophysics Data System},
	Adsurl = {http://adsabs.harvard.edu/abs/1996yCat.2139....0K},
	Author = {{Kholopov}, P.~N. and {Samus'}, N.~N. and {Frolov}, M.~S. and {Goranskij}, V.~P. and {Gorynya}, N.~A. and {Kireeva}, N.~N. and {Kukarkina}, N.~P. and {Kurochkin}, N.~E. and {Medvedeva}, G.~I. and {Perova}, N.~B.},
	Date-Added = {2008-04-29 12:11:19 -0700},
	Date-Modified = {2008-04-29 12:12:06 -0700},
	Journal = {VizieR Online Data Catalog},
	Keywords = {Stars: variable},
	Month = oct,
	Title = {{General Catalog of Variable Stars, 4th Ed.}},
	Volume = 2139,
	Year = 1996}

@inproceedings{DBLP:conf/icml/DekelKS04,
	Author = {Ofer Dekel and Joseph Keshet and Yoram Singer},
	Bibsource = {DBLP, http://dblp.uni-trier.de},
	Booktitle = {ICML},
	Crossref = {DBLP:conf/icml/2004},
	Ee = {http://doi.acm.org/10.1145/1015330.1015374},
	Title = {Large margin hierarchical classification},
	Year = {2004}}

@inproceedings{DBLP:conf/icml/KollerS97,
	Author = {Daphne Koller and Mehran Sahami},
	Bibsource = {DBLP, http://dblp.uni-trier.de},
	Booktitle = {ICML},
	Crossref = {DBLP:conf/icml/1997},
	Pages = {170-178},
	Title = {Hierarchically Classifying Documents Using Very Few Words},
	Year = {1997}}

@inproceedings{DBLP:conf/icdm/SunL01,
	Author = {Aixin Sun and Ee-Peng Lim},
	Bibsource = {DBLP, http://dblp.uni-trier.de},
	Booktitle = {ICDM},
	Crossref = {DBLP:conf/icdm/2001},
	Pages = {521-528},
	Title = {Hierarchical Text Classification and Evaluation},
	Year = {2001}}

@proceedings{DBLP:conf/icml/2004,
	Bibsource = {DBLP, http://dblp.uni-trier.de},
	Booktitle = {ICML},
	Date-Modified = {2008-04-23 13:41:41 -0700},
	Editor = {Carla E. Brodley},
	Publisher = {ACM},
	Series = {ACM International Conference Proceeding Series},
	Title = {Machine Learning, Proceedings of the Twenty-first International Conference (ICML 2004), Banff, Alberta, Canada, July 4-8, 2004},
	Volume = {69},
	Year = {2004}}

@proceedings{DBLP:conf/icdm/2001,
	Bibsource = {DBLP, http://dblp.uni-trier.de},
	Date-Modified = {2008-04-23 13:41:41 -0700},
	Editor = {Nick Cercone and Tsau Young Lin and Xindong Wu},
	Isbn = {0-7695-1119-8},
	Publisher = {IEEE Computer Society},
	Title = {Proceedings of the 2001 IEEE International Conference on Data Mining, 29 November - 2 December 2001, San Jose, California, USA},
	Year = {2001}}

@proceedings{DBLP:conf/icml/1997,
	Bibsource = {DBLP, http://dblp.uni-trier.de},
	Booktitle = {ICML},
	Date-Modified = {2008-04-23 13:41:41 -0700},
	Editor = {Douglas H. Fisher},
	Isbn = {1-55860-486-3},
	Publisher = {Morgan Kaufmann},
	Title = {Proceedings of the Fourteenth International Conference on Machine Learning (ICML 1997), Nashville, Tennessee, USA, July 8-12, 1997},
	Year = {1997}}

@inproceedings{niculescu05:obtaining,
	Author = {{Niculescu-Mizil}, A. and {Caruana}, R.},
	Booktitle = {Proc. 21st Conference on Uncertainty in Artificial Intelligence (UAI '05)},
	Date-Modified = {2008-12-09 11:41:11 -0800},
	Publisher = {AUAI Press},
	Title = {Obtaining Calibrated Probabilities from Boosting},
	Url = {citeseer.ist.psu.edu/niculescu-mizil05obtaining.html},
	Year = 2005,
	Bdsk-Url-1 = {citeseer.ist.psu.edu/niculescu-mizil05obtaining.html}}

@article{PurdomAnalyzingDataWithGraphs08,
	Author = {Purdom, Elizabeth},
	Date-Modified = {2008-04-23 13:41:41 -0700},
	Journal = {Submitted to Annals of Applied Statistics},
	Title = {Analyzing Data with Graphs: Metagenomic Data and the Phylogenetic Tree},
	Year = {2008}}

@book{ChungSpectralGraphTheoryBook97,
	Author = {Chung, Fan R. K.},
	Date-Modified = {2008-04-23 13:41:41 -0700},
	Isbn = {0-8218-0315-8},
	Mrclass = {58G99 (05C50 35P05 46N20 47N20)},
	Mrnumber = {MR1421568 (97k:58183)},
	Mrreviewer = {Robert Brooks},
	Pages = {xii+207},
	Publisher = {Published for the Conference Board of the Mathematical Sciences, Washington, DC},
	Series = {CBMS Regional Conference Series in Mathematics},
	Title = {Spectral graph theory},
	Volume = {92},
	Year = {1997}}

@article{593971,
	Address = {Hingham, MA, USA},
	Author = {Andreas S. Weigend and Erik D. Wiener and Jan O. Pedersen},
	Doi = {http://dx.doi.org/10.1023/A:1009983522080},
	Issn = {1386-4564},
	Journal = {Inf. Retr.},
	Number = {3},
	Pages = {193--216},
	Publisher = {Kluwer Academic Publishers},
	Title = {Exploiting Hierarchy in Text Categorization},
	Volume = {1},
	Year = {1999},
	Bdsk-Url-1 = {http://dx.doi.org/10.1023/A:1009983522080}}

@article{CesaBianchi06,
	Author = {Nicol{\`o} Cesa-Bianchi and Claudio Gentile and Luca Zaniboni},
	Bibsource = {DBLP, http://dblp.uni-trier.de},
	Date-Modified = {2008-04-23 13:41:41 -0700},
	Ee = {http://www.jmlr.org/papers/v7/cesa-bianchi06a.html},
	Journal = {Journal of Machine Learning Research},
	Pages = {31-54},
	Title = {Incremental Algorithms for Hierarchical Classification},
	Volume = {7},
	Year = {2006}}

@inproceedings{bcmt-lmmsc-04,
	Address = {Cambridge, MA},
	Author = {Peter L. {Bartlett} and Michael {Collins} and Ben {Taskar} and David {McAllester}},
	Booktitle = {Advances in Neural Information Processing Systems 17},
	Date-Modified = {2008-04-23 13:41:41 -0700},
	Editor = {Lawrence K. Saul and Yair Weiss and {L\'{e}on} Bottou},
	Pages = {113-120},
	Pdf = {http://www.stat.berkeley.edu/~bartlett/papers/bcmt-lmmsc-04.pdf},
	Ps = {http://www.stat.berkeley.edu/~bartlett/papers/bcmt-lmmsc-04.ps.gz},
	Publisher = {MIT Press},
	Title = {Exponentiated Gradient Algorithms for Large-margin Structured Classification},
	Year = {2005}}

@inproceedings{1962IAUS...15..390B,
	Adsnote = {Provided by the SAO/NASA Astrophysics Data System},
	Adsurl = {http://adsabs.harvard.edu/abs/1962IAUS...15..390B},
	Author = {{Baum}, W.~A.},
	Booktitle = {Problems of Extra-Galactic Research},
	Date-Modified = {2011-11-15 02:29:20 +0000},
	Editor = {{G.~C.~McVittie}},
	Pages = {390},
	Series = {IAU Symposium},
	Title = {{Photoelectric Magnitudes and Red-Shifts}},
	Volume = 15,
	Year = 1962}

@article{1996A&A...312..111J,
	Adsnote = {Provided by the SAO/NASA Astrophysics Data System},
	Adsurl = {http://adsabs.harvard.edu/abs/1996A%26A...312..111J},
	Author = {{Jurcsik}, J. and {Kovacs}, G.},
	Journal = {\aap},
	Keywords = {STARS: VARIABLES, STARS: OSCILLATIONS, STARS: HORIZONTAL-BRANCH, STARS: ABUNDANCES, GLOBULAR CLUSTERS: GENERAL},
	Month = aug,
	Pages = {111-120},
	Title = {{Determination of [Fe/H] from the light curves of RR Lyrae stars.}},
	Volume = 312,
	Year = 1996}

@article{2001AJ....121..870M,
	Adsnote = {Provided by the SAO/NASA Astrophysics Data System},
	Adsurl = {http://cdsads.u-strasbg.fr/abs/2001AJ....121..870M},
	Author = {{Macri}, L.~M. and {Stanek}, K.~Z. and {Sasselov}, D.~D. and {Krockenberger}, M. and {Kaluzny}, J.},
	Doi = {10.1086/318773},
	Eprint = {arXiv:astro-ph/0102123},
	Journal = {\aj},
	Keywords = {Stars: Binaries: Eclipsing, Stars: Variables: Cepheids, Cosmology: Distance Scale, Galaxies: Individual: Messier Number: M33, Stars: Variables: Other},
	Month = feb,
	Pages = {870-890},
	Title = {{DIRECT Distances to Nearby Galaxies Using Detached Eclipsing Binaries and Cepheids. VI. Variables in the Central Part of M33}},
	Volume = 121,
	Year = 2001,
	Bdsk-Url-1 = {http://dx.doi.org/10.1086/318773}}

@article{2008JPhCS.118a2010E,
	Adsnote = {Provided by the SAO/NASA Astrophysics Data System},
	Adsurl = {http://adsabs.harvard.edu/abs/2008JPhCS.118a2010E},
	Archiveprefix = {arXiv},
	Author = {{Eyer}, L. and {Mowlavi}, N.},
	Doi = {10.1088/1742-6596/118/1/012010},
	Eprint = {0712.3797},
	Journal = {Journal of Physics Conference Series},
	Month = oct,
	Number = 1,
	Pages = {012010-+},
	Title = {{Variable stars across the observational HR diagram}},
	Volume = 118,
	Year = 2008,
	Bdsk-Url-1 = {http://dx.doi.org/10.1088/1742-6596/118/1/012010}}

@article{2010AJ....139..519C,
	Adsnote = {Provided by the SAO/NASA Astrophysics Data System},
	Adsurl = {http://adsabs.harvard.edu/abs/2010AJ....139..519C},
	Archiveprefix = {arXiv},
	Author = {{Contreras}, C. and {Hamuy}, M. and {Phillips}, M.~M. and {Folatelli}, G. and {Suntzeff}, N.~B. and {Persson}, S.~E. and {Stritzinger}, M. and {Boldt}, L. and {Gonz{\'a}lez}, S. and {Krzeminski}, W. and {Morrell}, N. and {Roth}, M. and {Salgado}, F. and {Jos{\'e} Maureira}, M. and {Burns}, C.~R. and {Freedman}, W.~L. and {Madore}, B.~F. and {Murphy}, D. and {Wyatt}, P. and {Li}, W. and {Filippenko}, A.~V.},
	Doi = {10.1088/0004-6256/139/2/519},
	Eprint = {0910.3330},
	Journal = {\aj},
	Keywords = {galaxies: distances and redshifts, supernovae: general},
	Month = feb,
	Pages = {519-539},
	Primaryclass = {astro-ph.CO},
	Title = {{The Carnegie Supernova Project: First Photometry Data Release of Low-Redshift Type Ia Supernovae}},
	Volume = 139,
	Year = 2010,
	Bdsk-Url-1 = {http://dx.doi.org/10.1088/0004-6256/139/2/519}}

@article{2006AJ....131..527J,
	Adsnote = {Provided by the SAO/NASA Astrophysics Data System},
	Adsurl = {http://adsabs.harvard.edu/abs/2006AJ....131..527J},
	Author = {{Jha}, S. and {Kirshner}, R.~P. and {Challis}, P. and {Garnavich}, P.~M. and {Matheson}, T. and {Soderberg}, A.~M. and {Graves}, G.~J.~M. and {Hicken}, M. and {Alves}, J.~F. and {Arce}, H.~G. and {Balog}, Z. and {Barmby}, P. and {Barton}, E.~J. and {Berlind}, P. and {Bragg}, A.~E. and {Brice{\~n}o}, C. and {Brown}, W.~R. and {Buckley}, J.~H. and {Caldwell}, N. and {Calkins}, M.~L. and {Carter}, B.~J. and {Concannon}, K.~D. and {Donnelly}, R.~H. and {Eriksen}, K.~A. and {Fabricant}, D.~G. and {Falco}, E.~E. and {Fiore}, F. and {Garcia}, M.~R. and {G{\'o}mez}, M. and {Grogin}, N.~A. and {Groner}, T. and {Groot}, P.~J. and {Haisch}, Jr., K.~E. and {Hartmann}, L. and {Hergenrother}, C.~W. and {Holman}, M.~J. and {Huchra}, J.~P. and {Jayawardhana}, R. and {Jerius}, D. and {Kannappan}, S.~J. and {Kim}, D.-W. and {Kleyna}, J.~T. and {Kochanek}, C.~S. and {Koranyi}, D.~M. and {Krockenberger}, M. and {Lada}, C.~J. and {Luhman}, K.~L. and {Luu}, J.~X. and {Macri}, L.~M. and {Mader}, J.~A. and {Mahdavi}, A. and {Marengo}, M. and {Marsden}, B.~G. and {McLeod}, B.~A. and {McNamara}, B.~R. and {Megeath}, S.~T. and {Moraru}, D. and {Mossman}, A.~E. and {Muench}, A.~A. and {Mu{\~n}oz}, J.~A. and {Muzerolle}, J. and {Naranjo}, O. and {Nelson-Patel}, K. and {Pahre}, M.~A. and {Patten}, B.~M. and {Peters}, J. and {Peters}, W. and {Raymond}, J.~C. and {Rines}, K. and {Schild}, R.~E. and {Sobczak}, G.~J. and {Spahr}, T.~B. and {Stauffer}, J.~R. and {Stefanik}, R.~P. and {Szentgyorgyi}, A.~H. and {Tollestrup}, E.~V. and {V{\"a}is{\"a}nen}, P. and {Vikhlinin}, A. and {Wang}, Z. and {Willner}, S.~P. and {Wolk}, S.~J. and {Zajac}, J.~M. and {Zhao}, P. and {Stanek}, K.~Z.},
	Doi = {10.1086/497989},
	Eprint = {arXiv:astro-ph/0509234},
	Journal = {\aj},
	Keywords = {Stars: Supernovae: General, Techniques: Photometric},
	Month = jan,
	Pages = {527-554},
	Title = {{UBVRI Light Curves of 44 Type Ia Supernovae}},
	Volume = 131,
	Year = 2006,
	Bdsk-Url-1 = {http://dx.doi.org/10.1086/497989}}

@article{2008AJ....136.2306H,
	Adsnote = {Provided by the SAO/NASA Astrophysics Data System},
	Adsurl = {http://adsabs.harvard.edu/abs/2008AJ....136.2306H},
	Archiveprefix = {arXiv},
	Author = {{Holtzman}, J.~A. and {Marriner}, J. and {Kessler}, R. and {Sako}, M. and {Dilday}, B. and {Frieman}, J.~A. and {Schneider}, D.~P. and {Bassett}, B. and {Becker}, A. and {Cinabro}, D. and {DeJongh}, F. and {Depoy}, D.~L. and {Doi}, M. and {Garnavich}, P.~M. and {Hogan}, C.~J. and {Jha}, S. and {Konishi}, K. and {Lampeitl}, H. and {Marshall}, J.~L. and {McGinnis}, D. and {Miknaitis}, G. and {Nichol}, R.~C. and {Prieto}, J.~L. and {Riess}, A.~G. and {Richmond}, M.~W. and {Romani}, R. and {Smith}, M. and {Takanashi}, N. and {Tokita}, K. and {van der Heyden}, K. and {Yasuda}, N. and {Zheng}, C.},
	Doi = {10.1088/0004-6256/136/6/2306},
	Eprint = {0908.4277},
	Journal = {\aj},
	Keywords = {supernovae: general, techniques: photometric},
	Month = dec,
	Pages = {2306-2320},
	Primaryclass = {astro-ph.CO},
	Title = {{The Sloan Digital Sky Survey-II: Photometry and Supernova IA Light Curves from the 2005 Data}},
	Volume = 136,
	Year = 2008,
	Bdsk-Url-1 = {http://dx.doi.org/10.1088/0004-6256/136/6/2306}}

@article{2011ApJ...738..162S,
	Adsnote = {Provided by the SAO/NASA Astrophysics Data System},
	Adsurl = {http://adsabs.harvard.edu/abs/2011ApJ...738..162S},
	Archiveprefix = {arXiv},
	Author = {{Sako}, M. and {Bassett}, B. and {Connolly}, B. and {Dilday}, B. and {Cambell}, H. and {Frieman}, J.~A. and {Gladney}, L. and {Kessler}, R. and {Lampeitl}, H. and {Marriner}, J. and {Miquel}, R. and {Nichol}, R.~C. and {Schneider}, D.~P. and {Smith}, M. and {Sollerman}, J.},
	Doi = {10.1088/0004-637X/738/2/162},
	Eprint = {1107.5106},
	Journal = {\apj},
	Keywords = {cosmology: observations, supernovae: general, surveys},
	Month = sep,
	Pages = {162-+},
	Primaryclass = {astro-ph.CO},
	Title = {{Photometric Type Ia Supernova Candidates from the Three-year SDSS-II SN Survey Data}},
	Volume = 738,
	Year = 2011,
	Bdsk-Url-1 = {http://dx.doi.org/10.1088/0004-637X/738/2/162}}

@article{2008yCat.2285....0B,
	Adsnote = {Provided by the SAO/NASA Astrophysics Data System},
	Adsurl = {http://cdsads.u-strasbg.fr/abs/2008yCat.2285....0B},
	Author = {{Berdnikov}, L.~N.},
	Date-Modified = {2011-11-15 02:29:47 +0000},
	Journal = {VizieR Online Data Catalog},
	Keywords = {Stars: variable, Photometry: UBVRI},
	Month = apr,
	Title = {{Photoelectric observations of Cepheids in UBV(RI)c (Berdnikov, 2008)}},
	Volume = 2285,
	Year = 2008}

@article{2011ApJ...735...94K,
	Adsnote = {Provided by the SAO/NASA Astrophysics Data System},
	Adsurl = {http://adsabs.harvard.edu/abs/2011ApJ...735...94K},
	Archiveprefix = {arXiv},
	Author = {{Kasliwal}, M.~M. and {Cenko}, S.~B. and {Kulkarni}, S.~R. and {Ofek}, E.~O. and {Quimby}, R. and {Rau}, A.},
	Doi = {10.1088/0004-637X/735/2/94},
	Eprint = {1003.1720},
	Journal = {\apj},
	Keywords = {galaxies: individual: M81 M82 M31 NGC 2403 NGC 891, galaxies: starburst, novae, cataclysmic variables, surveys, techniques: photometric, techniques: spectroscopic},
	Month = jul,
	Pages = {94-+},
	Primaryclass = {astro-ph.SR},
	Title = {{Discovery of a New Photometric Sub-class of Faint and Fast Classical Novae}},
	Volume = 735,
	Year = 2011,
	Bdsk-Url-1 = {http://dx.doi.org/10.1088/0004-637X/735/2/94}}

@article{2011ApJ...730..134K,
	Adsnote = {Provided by the SAO/NASA Astrophysics Data System},
	Adsurl = {http://adsabs.harvard.edu/abs/2011ApJ...730..134K},
	Archiveprefix = {arXiv},
	Author = {{Kasliwal}, M.~M. and {Kulkarni}, S.~R. and {Arcavi}, I. and {Quimby}, R.~M. and {Ofek}, E.~O. and {Nugent}, P. and {Jacobsen}, J. and {Gal-Yam}, A. and {Green}, Y. and {Yaron}, O. and {Fox}, D.~B. and {Howell}, J.~L. and {Cenko}, S.~B. and {Kleiser}, I. and {Bloom}, J.~S. and {Miller}, A. and {Li}, W. and {Filippenko}, A.~V. and {Starr}, D. and {Poznanski}, D. and {Law}, N.~M. and {Helou}, G. and {Frail}, D.~A. and {Neill}, J.~D. and {Forster}, K. and {Martin}, D.~C. and {Tendulkar}, S.~P. and {Gehrels}, N. and {Kennea}, J. and {Sullivan}, M. and {Bildsten}, L. and {Dekany}, R. and {Rahmer}, G. and {Hale}, D. and {Smith}, R. and {Zolkower}, J. and {Velur}, V. and {Walters}, R. and {Henning}, J. and {Bui}, K. and {McKenna}, D. and {Blake}, C.},
	Doi = {10.1088/0004-637X/730/2/134},
	Eprint = {1005.1455},
	Journal = {\apj},
	Keywords = {stars: AGB and post-AGB, stars: mass-loss, supernovae: general, supernovae: individual: PTF 10fqs, surveys},
	Month = apr,
	Pages = {134-+},
	Primaryclass = {astro-ph.SR},
	Title = {{PTF 10fqs: A Luminous Red Nova in the Spiral Galaxy Messier 99}},
	Volume = 730,
	Year = 2011,
	Bdsk-Url-1 = {http://dx.doi.org/10.1088/0004-637X/730/2/134}}

@article{2010ApJ...715..767S,
	Adsnote = {Provided by the SAO/NASA Astrophysics Data System},
	Adsurl = {http://adsabs.harvard.edu/abs/2010ApJ...715..767S},
	Archiveprefix = {arXiv},
	Author = {{Shen}, K.~J. and {Kasen}, D. and {Weinberg}, N.~N. and {Bildsten}, L. and {Scannapieco}, E.},
	Doi = {10.1088/0004-637X/715/2/767},
	Eprint = {1002.2258},
	Journal = {\apj},
	Keywords = {binaries: close, novae, cataclysmic variables, nuclear reactions, nucleosynthesis, abundances, supernovae: general, white dwarfs},
	Month = jun,
	Pages = {767-774},
	Primaryclass = {astro-ph.HE},
	Title = {{Thermonuclear .Ia Supernovae from Helium Shell Detonations: Explosion Models and Observables}},
	Volume = 715,
	Year = 2010,
	Bdsk-Url-1 = {http://dx.doi.org/10.1088/0004-637X/715/2/767}}

@article{1982PASP...94..715F,
	Adsnote = {Provided by the SAO/NASA Astrophysics Data System},
	Adsurl = {http://adsabs.harvard.edu/abs/1982PASP...94..715F},
	Author = {{Filippenko}, A.~V.},
	Doi = {10.1086/131052},
	Journal = {\pasp},
	Keywords = {ATMOSPHERIC REFRACTION, INSTRUMENT ERRORS, SPECTROPHOTOMETRY, TELESCOPES, AMBIENT TEMPERATURE, ATMOSPHERIC PRESSURE, ERROR ANALYSIS, OPTIMIZATION, PRESSURE EFFECTS, TEMPERATURE EFFECTS},
	Month = aug,
	Pages = {715-721},
	Title = {{The importance of atmospheric differential refraction in spectrophotometry}},
	Volume = 94,
	Year = 1982,
	Bdsk-Url-1 = {http://dx.doi.org/10.1086/131052}}

@article{2011yCat..74101262W,
	Adsnote = {Provided by the SAO/NASA Astrophysics Data System},
	Adsurl = {http://cdsads.u-strasbg.fr/abs/2011yCat..74101262W},
	Author = {{Walker}, E.~S. and {Hook}, I.~M. and {Sullivan}, M. and {Howell}, D.~A. and {Astier}, P. and {Balland}, C. and {Basa}, S. and {Bronder}, T.~J. and {Carlberg}, R. and {Conley}, A. and {Fouchez}, D. and {Guy}, J. and {Hardin}, D. and {Pain}, R. and {Perrett}, K. and {Pritchet}, C. and {Regnault}, N. and {Rich}, J. and {Aldering}, G. and {Fakhouri}, H.~K. and {Kronborg}, T. and {Palanque-Delabrouille}, N. and {Perlmutter}, S. and {Ruhlmann-Kleider}, V. and {Zhang}, T.},
	Journal = {VizieR Online Data Catalog},
	Keywords = {Supernovae, Redshifts, Equivalent widths},
	Month = aug,
	Pages = {1262-+},
	Title = {{Supernova Legacy Survey. Type Ia supernovae (Walker+, 2011)}},
	Volume = 7410,
	Year = 2011}

@article{2010AJ....139.1261M,
	Adsnote = {Provided by the SAO/NASA Astrophysics Data System},
	Adsurl = {http://adsabs.harvard.edu/abs/2010AJ....139.1261M},
	Archiveprefix = {arXiv},
	Author = {{McGurk}, R.~C. and {Kimball}, A.~E. and {Ivezi{\'c}}, {\v Z}.},
	Doi = {10.1088/0004-6256/139/3/1261},
	Eprint = {1001.4340},
	Journal = {\aj},
	Keywords = {methods: data analysis, stars: abundances, stars: fundamental parameters, stars: statistics},
	Month = mar,
	Pages = {1261-1268},
	Primaryclass = {astro-ph.SR},
	Title = {{Principal Component Analysis of Sloan Digital Sky Survey Stellar Spectra}},
	Volume = 139,
	Year = 2010,
	Bdsk-Url-1 = {http://dx.doi.org/10.1088/0004-6256/139/3/1261}}

@phdthesis{elithesis,
	Author = {Purdom, Elizabeth},
	Date-Modified = {2008-04-23 13:41:41 -0700},
	File = F,
	School = {Stanford University},
	Title = {Multivariate kernel methods in the analysis of graphical structures},
	Year = {2006}}

@unpublished{MeinBickRice2008,
	Author = {N. Meinshausen and P. Bickel and J. Rice},
	Date-Added = {2008-04-23 13:22:38 -0700},
	Date-Modified = {2008-04-23 13:41:41 -0700},
	Note = {Annals of Applied Statistics; arxiv:0712.1663},
	Title = {Efficient Blind Search: Optimal Power of Detection under Computational Cost Constraints},
	Year = {2007}}
